@article{kerbl20233d,
  title={3d gaussian splatting for real-time radiance field rendering.},
  author={Kerbl, Bernhard and Kopanas, Georgios and Leimk{\"u}hler, Thomas and Drettakis, George},
  journal={ACM Trans. Graph.},
  volume={42},
  number={4},
  pages={139--1},
  year={2023}
}
@misc{hyung2024effectiverankanalysisregularization,
      title={Effective Rank Analysis and Regularization for Enhanced 3D Gaussian Splatting}, 
      author={Junha Hyung and Susung Hong and Sungwon Hwang and Jaeseong Lee and Jaegul Choo and Jin-Hwa Kim},
      year={2024},
      eprint={2406.11672},
      archivePrefix={arXiv},
      primaryClass={cs.CV},
      url={https://arxiv.org/abs/2406.11672}
}
@misc{huang2024spectralgstaming3dgaussian,
      title={Spectral-GS: Taming 3D Gaussian Splatting with Spectral Entropy}, 
      author={Letian Huang and Jie Guo and Jialin Dan and Ruoyu Fu and Shujie Wang and Yuanqi Li and Yanwen Guo},
      year={2024},
      eprint={2409.12771},
      archivePrefix={arXiv},
      primaryClass={cs.CV},
      url={https://arxiv.org/abs/2409.12771}
}
@misc{yu2023mipsplattingaliasfree3dgaussian,
      title={Mip-Splatting: Alias-free 3D Gaussian Splatting}, 
      author={Zehao Yu and Anpei Chen and Binbin Huang and Torsten Sattler and Andreas Geiger},
      year={2023},
      eprint={2311.16493},
      archivePrefix={arXiv},
      primaryClass={cs.CV},
      url={https://arxiv.org/abs/2311.16493}
}
@misc{qu2024discgsdiscontinuityawaregaussiansplatting,
      title={DisC-GS: Discontinuity-aware Gaussian Splatting}, 
      author={Haoxuan Qu and Zhuoling Li and Hossein Rahmani and Yujun Cai and Jun Liu},
      year={2024},
      eprint={2405.15196},
      archivePrefix={arXiv},
      primaryClass={cs.CV},
      url={https://arxiv.org/abs/2405.15196}
}
@article{li20243d,
  title={3d-hgs: 3d half-gaussian splatting},
  author={Li, Haolin and Liu, Jinyang and Sznaier, Mario and Camps, Octavia},
  journal={arXiv preprint arXiv:2406.02720},
  year={2024}
}
@misc{huang2025deformableradialkernelsplatting,
      title={Deformable Radial Kernel Splatting}, 
      author={Yi-Hua Huang and Ming-Xian Lin and Yang-Tian Sun and Ziyi Yang and Xiaoyang Lyu and Yan-Pei Cao and Xiaojuan Qi},
      year={2025},
      eprint={2412.11752},
      archivePrefix={arXiv},
      primaryClass={cs.CV},
      url={https://arxiv.org/abs/2412.11752}
}
@misc{held20243dconvexsplattingradiance,
      title={3D Convex Splatting: Radiance Field Rendering with 3D Smooth Convexes}, 
      author={Jan Held and Renaud Vandeghen and Abdullah Hamdi and Adrien Deliege and Anthony Cioppa and Silvio Giancola and Andrea Vedaldi and Bernard Ghanem and Marc Van Droogenbroeck},
      year={2024},
      eprint={2411.14974},
      archivePrefix={arXiv},
      primaryClass={cs.CV},
      url={https://arxiv.org/abs/2411.14974}
}
@article{chen2024survey,
  title={A survey on 3d gaussian splatting},
  author={Chen, Guikun and Wang, Wenguan},
  journal={arXiv preprint arXiv:2401.03890},
  year={2024}
}

@article{2021_Chen,
      author = {Yunjie Chen and Ning Cheng and Mao Cai and Chunzheng Cao and Jianwei Yang and Zhichao Zhang},
      title = {A spatially constrained asymmetric Gaussian mixture model for image segmentation},
      journal = {Information Sciences},
      year = {2021},
      volume = {575},
      publisher = {Elsevier},
      month = {oct},
      url = {https://doi.org/10.1016/j.ins.2021.06.034},
      pages = {41--65},
      doi = {10.1016/j.ins.2021.06.034}
}
@inproceedings{Huang_2024, series={SIGGRAPH '24},
   title={2D Gaussian Splatting for Geometrically Accurate Radiance Fields},
   url={http://dx.doi.org/10.1145/3641519.3657428},
   DOI={10.1145/3641519.3657428},
   booktitle={Special Interest Group on Computer Graphics and Interactive Techniques Conference Conference Papers '24},
   publisher={ACM},
   author={Huang, Binbin and Yu, Zehao and Chen, Anpei and Geiger, Andreas and Gao, Shenghua},
   year={2024},
   month=jul, pages={1-11},
   collection={SIGGRAPH '24} 
   }

@misc{dai2024highqualitysurfacereconstructionusing,
      title={High-quality Surface Reconstruction using Gaussian Surfels}, 
      author={Pinxuan Dai and Jiamin Xu and Wenxiang Xie and Xinguo Liu and Huamin Wang and Weiwei Xu},
      year={2024},
      eprint={2404.17774},
      archivePrefix={arXiv},
      primaryClass={cs.CV},
      url={https://arxiv.org/abs/2404.17774}
}
@article{von2025linprim,
  title={LinPrim: Linear Primitives for Differentiable Volumetric Rendering},
  author={von L{\"u}tzow, Nicolas and Nie{\ss}ner, Matthias},
  journal={arXiv preprint arXiv:2501.16312},
  year={2025}
}
@article{li20243d,
  title={3d-hgs: 3d half-gaussian splatting},
  author={Li, Haolin and Liu, Jinyang and Sznaier, Mario and Camps, Octavia},
  journal={arXiv preprint arXiv:2406.02720},
  year={2024}
}
@inproceedings{zwicker2001ewa,
  title={EWA volume splatting},
  author={Zwicker, Matthias and Pfister, Hanspeter and Van Baar, Jeroen and Gross, Markus},
  booktitle={Proceedings Visualization, 2001. VIS'01.},
  pages={29--538},
  year={2001},
  organization={IEEE}
}
@article{mai2024ever,
  title={Ever: Exact volumetric ellipsoid rendering for real-time view synthesis},
  author={Mai, Alexander and Hedman, Peter and Kopanas, George and Verbin, Dor and Futschik, David and Xu, Qiangeng and Kuester, Falko and Barron, Jonathan T and Zhang, Yinda},
  journal={arXiv preprint arXiv:2410.01804},
  year={2024}
}
@inproceedings{hamdi2024ges,
  title={Ges: Generalized exponential splatting for efficient radiance field rendering},
  author={Hamdi, Abdullah and Melas-Kyriazi, Luke and Mai, Jinjie and Qian, Guocheng and Liu, Ruoshi and Vondrick, Carl and Ghanem, Bernard and Vedaldi, Andrea},
  booktitle={Proceedings of the IEEE/CVF Conference on Computer Vision and Pattern Recognition},
  pages={19812--19822},
  year={2024}
}
@misc{liu2025deformablebetasplatting,
      title={Deformable Beta Splatting}, 
      author={Rong Liu and Dylan Sun and Meida Chen and Yue Wang and Andrew Feng},
      year={2025},
      eprint={2501.18630},
      archivePrefix={arXiv},
      primaryClass={cs.CV},
      url={https://arxiv.org/abs/2501.18630}, 
}

@article{sun2024sparse,
  title={Sparse Voxels Rasterization: Real-time High-fidelity Radiance Field Rendering},
  author={Sun, Cheng and Choe, Jaesung and Loop, Charles and Ma, Wei-Chiu and Wang, Yu-Chiang Frank},
  journal={arXiv preprint arXiv:2412.04459},
  year={2024}
}

@article{govindarajan2025radiant,
  title={Radiant Foam: Real-Time Differentiable Ray Tracing},
  author={Govindarajan, Shrisudhan and Rebain, Daniel and Yi, Kwang Moo and Tagliasacchi, Andrea},
  journal={arXiv preprint arXiv:2502.01157},
  year={2025}
}

@article{huynh2008scope,
  title={Scope of validity of PSNR in image/video quality assessment},
  author={Huynh-Thu, Quan and Ghanbari, Mohammed},
  journal={Electronics letters},
  volume={44},
  number={13},
  pages={800--801},
  year={2008},
  publisher={IET}
}
@article{wang2004image,
  title={Image quality assessment: from error visibility to structural similarity},
  author={Wang, Zhou and Bovik, Alan C and Sheikh, Hamid R and Simoncelli, Eero P},
  journal={IEEE transactions on image processing},
  volume={13},
  number={4},
  pages={600--612},
  year={2004},
  publisher={IEEE}
}
@inproceedings{zhang2018unreasonable,
  title={The unreasonable effectiveness of deep features as a perceptual metric},
  author={Zhang, Richard and Isola, Phillip and Efros, Alexei A and Shechtman, Eli and Wang, Oliver},
  booktitle={Proceedings of the IEEE conference on computer vision and pattern recognition},
  pages={586--595},
  year={2018}
}

@inproceedings{schonberger2016structure,
  title={Structure-from-motion revisited},
  author={Schonberger, Johannes L and Frahm, Jan-Michael},
  booktitle={Proceedings of the IEEE conference on computer vision and pattern recognition},
  pages={4104--4113},
  year={2016}
}


